2190 3626
511 81 533 136 4

72 265 168 348 igitur
191 264 234 346 (v.
247 260 319 346 552)
336 233 567 350 ποπληγμέοοιὲ)
590 279 621 329 et
636 265 740 331 locum
762 271 806 333 ita
828 255 977 356 explicst:

72 365 232 431 ”Chorus:
261 365 394 452 Nempe
414 366 579 433 desiderio
596 390 653 434 vos
675 371 926 441 redamantium
938 375 977 440 'et
1069 447 1081 458 ,

60 474 212 552 'uicissim
230 492 287 554 vos
302 470 546 535 desiderantium
560 476 614 536 icti
629 479 736 540 eratis.
777 475 854 541 Haeo
869 483 976 543 arctis-

73 577 169 654 sime,
204 586 239 637 ut
260 571 298 635 fit
318 576 352 637 in
373 573 569 639 sermonibus
592 576 738 659 alternis,
768 601 838 644 cum
861 604 891 644 v.
917 587 974 646 553

74 682 144 764 (531
169 676 224 742 W.
247 679 307 740 545
322 676 372 756 Ρ.)
399 676 574 759 cohaerent,
604 682 693 766 eique
719 683 909 766 explicando
929 689 975 749 in·

71 786 223 848 serviunt.
247 779 402 844 Heathius
417 801 524 844 veram
539 781 629 846 huius
642 788 806 848 sententies
823 789 884 850 vim
898 810 973 851 non·

71 885 151 950 nihil
171 886 340 971 pervertit,
371 885 416 948 sic
436 885 605 949 vertendo:
644 883 855 953 Intellexerir
876 891 974 955 niori·

70 1013 166 1070 rum,
187 991 218 1054 si
242 1011 356 1052 eornm
380 987 545 1053 desiderio
567 1001 684 1075 coptus
702 986 840 1075 suerio,
861 994 920 1080 qui
941 1007 972 1060 te

68 1094 218 1161 vicissim
240 1089 483 1156 desiderabant.
524 1089 591 1155 lnro
608 1083 731 1158 Chorus
748 1086 878 1180 n'eg'snti
894 1117 972 1178 prte-

68 1200 159 1277 ooni,
180 1219 233 1276 se,
259 1194 359 1279 qualis
381 1198 441 1258 iste
463 1195 627 1260 iucundus
646 1194 779 1261 morbus
799 1198 857 1277 sit,
881 1199 973 1262 intel-

67 1303 186 1387 ligere,
222 1299 410 1383 respondet,
442 1319 476 1362 se
500 1293 872 1380 desiderium'innuisse,
911 1325 971 1387 qno

69 1420 175 1470 temen
188 1393 303 1467 milites
318 1423 380 1472 non
396 1405 515 1485 magis,
538 1423 629 1484 quam
643 1403 704 1486 ipsi
719 1404 773 1486 qui
787 1403 869 1465 dorni
885 1425 973 1468 man.

68 1513 167 1576 serint
180 1508 311 1572 all'ectos
323 1506 421 1568 fuisse
433 1509 504 1576 nit.”
545 1501 644 1578 Quasi
658 1525 721 1567 non
734 1505 844 1568 eadem
856 1520 971 1571 nostrae

66 1614 213 1679 lectionis
232 1612 387 1673 sententis
407 1610 459 1672 sit.
501 1605 566 1670 Sed
584 1605 782 1687 Sohiitzium,
807 1613 971 1694 quominus

66 1734 175 1783 verum
197 1713 333 1789 videret,
370 1693 558 1796 prohibuit,
577 1707 658 1796 quod
680 1733 805 1775 versum
824 1715 970 1795 proxime

64 1819 297 1908 praeoedentem
318 1818 361 1878 ita
381 1816 575 1912 distinguere
592 1812 744 1877 malebat:

83 1917 87 1924 ’
108 1919 185 1996 Huic
203 1918 255 2005 δός
282 1953 324 1968 -
347 1907 497 2002 διδαχθεὶς
516 1922 603 1983 τοῦδε
623 1915 754 1982 δεσπόσω
778 1915 879 2001 λόγου.

65 2028 157 2092 Hanc
171 2024 406 2087 distinctionem
418 2032 449 2083 et
464 2020 664 2103 πεπληγμένοι,
675 2017 769 2103 (quod
786 2021 880 2083 etiam
894 2017 971 2082 But·

64 2125 139 2196 lero'
151 2127 281 2213 placuit)
305 2126 424 2208 reecpit
444 2113 630 2200 Blomfield3
660 2121 741 2206 quod
761 2123 800 2184 de
823 2125 968 2186 exercitu

56 2256 168 2312 sermo
199 2233 249 2294 sit·
266 2240 299 2292 et
324 2228 515 2313 πεπληγμένοι
537 2225 736 2288 referendum
762 2223 802 2288 ad
830 2224 968 2310 ἐπήβολοι

64 2365 94 2403 v.
118 2342 177 2401 528
199 2333 254 2398 W.
285 2335 357 2416 (542
380 2331 439 2412 5.).
496 2328 560 2390 Sed
582 2346 726 2390 sermone
751 2329 795 2390 ita
820 2326 967 2391 distincto

63 2434 141 2507 ferri
160 2460 224 2502 non
249 2454 343 2521 posse
366 2437 428 2507 πῶς
450 2430 485 2516 δή
508 2442 593 2494 recte
615 2430 693 2493 vidit
709 2426 811 2493 Bothe
826 2434 883 2516 “²'),
913 2434 967 2516 qui

62 2541 232 2659 propterea
246 2559 295 2602 ex
303 2557 359 2601 sne
378 2524 558 2599 coniectura
571 2533 684 2596 edidit.

77 2648 221 2755 Ποίας·
250 2639 400 2726 5ι5σιχ5ε7ς
421 2643 507 2706 τοῦδε
531 2635 663 2705 δεσπόσω
683 2634 782 2721 λόγου.

65 2857 138 2975 ¹⁴⁸).
158 2875 516 2988 ldernconiecit'l'yrwhitt
535 2891 672 2959 (Coniect.
692 2889 721 2942 iu
741 2885 883 2958 Aeschyl,
904 2903 965 2958 quae

160 2987 272 3042 adiectae
291 2994 355 3040 sunt
379 2979 494 3036 editioni
514 2978 656 3051 lipsiensi
676 2962 829 3030 lllomlieldi
850 2975 965 3047 Septem
983 3045 985 3052 k

63 3083 69 3099 ¹
98 3059 129 3157 1'
160 3047 258 3150 coniri
276 3067 395 3136 Thebas,
413 3087 476 3142 pag
493 3071 568 3137 174)

81 3215 143 3297 ”)
159 3217 298 3272 Locorum
312 3177 736 3262 enimeBloml.ellatorrrm-
756 3198 966 3260 Eumenid.192

74 3325 84 3330 ·
159 3285 250 3374 (205),
270 3305 319 3360 571
340 3272 431 3362 (hoii,
449 3294 548 3366 Eurip.
565 3293 663 3348 Helen
675 3286 863 3356 1262Musgr.
879 3290 966 3355 (1246

113 3380 258 3448 *Marcu
270 3377 338 3449 1188
351 3375 500 3450 Bous·
517 3380 571 3434 elia
588 3379 661 3434 ratio
679 3386 744 3444 σοις
759 3375 798 3430 ibi
815 3377 892 3429 enirn
911 3375 963 3428 in-
